@article{Severens2004,
author = {Severens, Johan L and Milne, Richard J},
file = {:C$\backslash$:/Users/Nathan/Dropbox/docs/Severens{\_}et{\_}al-2004-Value{\_}in{\_}Health.pdf:pdf},
number = {4},
title = {{Discounting Health Outcomes in Economic Evaluation : The Ongoing Debate}},
volume = {7},
year = {2004}
}
